<?xml version="1.0" encoding="UTF-8"?><record xmlns="http://www.loc.gov/MARC21/slim" xmlns:cinclude="http://apache.org/cocoon/include/1.0" xmlns:zs="http://www.loc.gov/zing/srw/">
  <leader>00409nz  a2200121n  4500</leader>
  <controlfield tag="001">nb 99176774 </controlfield>
  <controlfield tag="003">DLC</controlfield>
  <controlfield tag="005">20001104053011.0</controlfield>
  <controlfield tag="008">001103n| acannaabn          |n aaa      </controlfield>
  <datafield tag="010" ind1=" " ind2=" ">
    <subfield code="a">nb 99176774 </subfield>
  </datafield>
  <datafield tag="040" ind1=" " ind2=" ">
    <subfield code="a">Uk</subfield>
    <subfield code="b">eng</subfield>
    <subfield code="c">Uk</subfield>
  </datafield>
  <datafield tag="100" ind1="1" ind2="0">
    <subfield code="a">Gardyne, Alexander,</subfield>
    <subfield code="d">1801-1885</subfield>
  </datafield>
  <datafield tag="670" ind1=" " ind2=" ">
    <subfield code="a">The shipwreck of the bark Trio at Rodrigues by Alexander Gardyne 6th March 1846, 1999:</subfield>
    <subfield code="b">t.p. (Alexander Gardyne) p.3 (born 1801, died 1885)</subfield>
  </datafield>
</record>